<?xml version="1.0" encoding="UTF-8"?><collection xmlns="http://www.loc.gov/MARC21/slim"><record><leader>00439nam--2200157-i-4500</leader><controlfield tag="001">000005331</controlfield><controlfield tag="002">20161230</controlfield><controlfield tag="005">20170212000331</controlfield><controlfield tag="008">060222s1000------------r-----000-0-eng-d</controlfield><datafield ind1=" " ind2=" " tag="100"><subfield code="a">Desi, S</subfield></datafield><datafield ind1=" " ind2=" " tag="245"><subfield code="a">Time distribution of the u-235 fission gammas</subfield></datafield><datafield ind1=" " ind2=" " tag="260"><subfield code="a">Budapest</subfield><subfield code="c">1960</subfield></datafield><datafield ind1=" " ind2=" " tag="300"><subfield code="a">4 p.+2 Fig</subfield></datafield><datafield ind1=" " ind2=" " tag="490"><subfield code="a">Central Institute Of Phisics Of The Hungarian Academy Of Sciences</subfield></datafield><datafield ind1=" " ind2=" " tag="700"><subfield code="a">Lajtai, A</subfield></datafield><datafield ind1=" " ind2=" " tag="CAT"><subfield code="a">SYS</subfield><subfield code="c">20170212</subfield><subfield code="h">000331</subfield></datafield></record></collection>